<?xml version="1.0" encoding="UTF-8"?><collection xmlns="http://www.loc.gov/MARC21/slim"><record><leader>00529nam--2200181-i-4500</leader><controlfield tag="001">000001889</controlfield><controlfield tag="002">20161230</controlfield><controlfield tag="005">20170108230511</controlfield><controlfield tag="008">060222s1000------------r-----000-0-eng-d</controlfield><datafield ind1=" " ind2=" " tag="040"><subfield code="a">IFIN-HH</subfield></datafield><datafield ind1=" " ind2=" " tag="080"><subfield code="a">539.143.4</subfield></datafield><datafield ind1="1" ind2=" " tag="100"><subfield code="a">Goldring, G</subfield></datafield><datafield ind1="1" ind2="0" tag="245"><subfield code="a">The quadrupole moment of the 2+ state at 122 kev in sm 152</subfield><subfield code="c">G. Goldring, U. Smilansky</subfield></datafield><datafield ind1=" " ind2=" " tag="260"><subfield code="a">Rehovoth, Israel</subfield><subfield code="b">The Weizmann Institute Of Science</subfield><subfield code="c">s. a</subfield></datafield><datafield ind1=" " ind2=" " tag="300"><subfield code="a">6 p. + 2 FIG</subfield></datafield><datafield ind1="1" ind2=" " tag="700"><subfield code="a">Smilansky, U</subfield></datafield><datafield ind1=" " ind2=" " tag="852"><subfield code="a">20777</subfield><subfield code="c">539.14</subfield></datafield><datafield ind1=" " ind2=" " tag="CAT"><subfield code="a">SYS</subfield><subfield code="c">20170108</subfield><subfield code="h">230511</subfield></datafield></record></collection>